@inproceedings{Takaya2016,
  author={K. {Takaya} and T. {Asai} and V. {Kroumov} and F. {Smarandache}},
  booktitle={2016 20th International Conference on System Theory, Control and Computing (ICSTCC)},
  title={Simulation environment for mobile robots testing using ROS and Gazebo},
  year={2016},
  pages={96-101},
  doi={10.1109/ICSTCC.2016.7790647}}

@inproceedings{Qian2014,
  author={W. {Qian} and Z. {Xia} and J. {Xiong} and Y. {Gan} and Y. {Guo} and S. {Weng} and H. {Deng} and Y. {Hu} and J. {Zhang}},
  booktitle={2014 IEEE International Conference on Robotics and Biomimetics (ROBIO 2014)},
  title={Manipulation task simulation using ROS and Gazebo},
  year={2014},
  pages={2594-2598},
  doi={10.1109/ROBIO.2014.7090732}}

@inproceedings{Zhang2015,
  author={M. {Zhang} and M. {Lan} and J. {Lin} and S. {Wang} and K. {Liu} and F. {Lin} and B. M. {Chen}},
  booktitle={IECON 2015 - 41st Annual Conference of the IEEE Industrial Electronics Society},
  title={A high fidelity simulator for a quadrotor UAV using ROS and Gazebo},
  year={2015},
  pages={002846-002851},
  doi={10.1109/IECON.2015.7392534}}

@inproceedings{Erickson2020,
  author={Z. {Erickson} and V. {Gangaram} and A. {Kapusta} and C. K. {Liu} and C. C. {Kemp}},
  booktitle={2020 IEEE International Conference on Robotics and Automation (ICRA)},
  title={Assistive Gym: A Physics Simulation Framework for Assistive Robotics},
  year={2020},
  pages={10169-10176},
  doi={10.1109/ICRA40945.2020.9197411}}

@article{Brockman2016,
  author = {G. {Brockman} and  V. {Cheung} and L. {Pettersson} and J. {Schneider} and J. {Schulman} and J. {Tang} and W. {Zaremba}},
  title = {OpenAI Gym},
  year = {2016}}

@article{Clegg2020,
  author={A. {Clegg} and Z. {Erickson} and P. {Grady} and G. {Turk} and C. C. {Kemp} and C. K. {Liu}},
  journal={IEEE Robotics and Automation Letters},
  title={Learning to Collaborate From Simulation for Robot-Assisted Dressing},
  year={2020},
  volume={5},
  number={2},
  pages={2746-2753},
  doi={10.1109/LRA.2020.2972852}}

@article{Zamora2016,
  author = {I. {Zamora} and N. {Lopez} and V. {Vilches} and A. {Cordero}},
  title = {Extending the OpenAI Gym for robotics: a toolkit for reinforcement learning using ROS and Gazebo},
  year = {2016}}

@inproceedings{Seifer2005,
  author={D. {Feil-Seifer} and M. J. {Mataric}},
  booktitle={9th International Conference on Rehabilitation Robotics, 2005. ICORR 2005.},
  title={Defining socially assistive robotics},
  year={2005},
  pages={465-468},
  doi={10.1109/ICORR.2005.1501143}}

@inproceedings{Heerink2010,
  author={M. {Heerink} and B. {Kröse} and V. {Evers} and B. {Wielinga}},
  booktitle={International Journal of Social Robotics},
  title={Assessing Acceptance of Assistive Social Agent Technology by Older Adults: the Almere Model},
  year={2010},
  pages={361–375},
  doi={10.1007/s12369-010-0068-5}}

@article{Rich2009,
  author={C. {Rich} and C. L. {Sidner}},
  journal={AI Magazine},
  title={Robots and Avatars as Hosts, Advisors, Companions, and Jesters},
  year={2009},
  volume={30},
  number={1},
  pages={29},
  doi={10.1609/aimag.v30i1.2765}}

@inproceedings{Quigley2009,
  author={M. {Quigley} and K. {Conley} and B. {Gerkey} and J. {Faust} and T. {Foote} and J. {Leibs} and R. {Wheeler} and A. {Ng}},
  journal={ICRA Workshop on Open Source Software},
  title={ROS: an open-source Robot Operating System},
  year={2009},
  volume={3}}

@inproceedings{Maruyama2016,
  author={Y. {Maruyama} and S. {Kato} and T. {Azumi}},
  booktitle={2016 International Conference on Embedded Software (EMSOFT)},
  title={Exploring the performance of ROS2},
  year={2016},
  pages={1-10},
  doi={10.1145/2968478.2968502}}

@inproceedings{Castellote2003,
  author={G. {Pardo-Castellote}},
  booktitle={23rd International Conference on Distributed Computing Systems Workshops, 2003. Proceedings.},
  title={OMG Data-Distribution Service: architectural overview},
  year={2003},
  pages={200-206},
  doi={10.1109/ICDCSW.2003.1203555}}

@inproceedings{Schlesselman2004,
  author={J. M. {Schlesselman} and G. {Pardo-Castellote} and B. {Farabaugh}},
  booktitle={IEEE MILCOM 2004. Military Communications Conference, 2004.},
  title={OMG data-distribution service (DDS): architectural update},
  year={2004},
  volume={2},
  pages={961-967 Vol. 2},
  doi={10.1109/MILCOM.2004.1494965}}

@inproceedings{Koenig2004,
  author={N. {Koenig} and A. {Howard}},
  booktitle={2004 IEEE/RSJ International Conference on Intelligent Robots and Systems (IROS) (IEEE Cat. No.04CH37566)},
  title={Design and use paradigms for Gazebo, an open-source multi-robot simulator},
  year={2004},
  volume={3},
  pages={2149-2154 vol.3},
  doi={10.1109/IROS.2004.1389727}}

@article{Gerkey2003,
  author={B. {Gerkey} and R. {Vaughan} and A. {Howard}},
  journal={Proceedings of the International Conference on Advanced Robotics},
  title={The Player/Stage Project: Tools for Multi-Robot and Distributed Sensor Systems},
  year={2003}}